%% This BibTeX bibliography file was created using BibDesk.
%% http://bibdesk.sourceforge.net/


%% Created for Niklas Johansson at 2012-04-11 13:11:09 +0200 


%% Saved with string encoding Unicode (UTF-8) 



@article{consolv2008,
	Author = {Consolvo, McDonald, Toscos, Chen, Frochlich, Harrison, Klasmja, LaMarca, LeGrand, Libby, Smith, Landay},
	Date-Added = {2012-04-11 11:08:41 +0000},
	Date-Modified = {2012-04-11 11:11:09 +0000},
	Journal = {CHI 2008},
	Month = {April},
	Title = {Activity sensing in the wild: a field trial of ubifit garden},
	Year = {2008}}

@url{tabletwiki2012,
	Author = {Various},
	Date-Added = {2012-04-11 09:01:36 +0000},
	Date-Modified = {2012-04-11 09:04:58 +0000},
	Lastchecked = {April 2012},
	Title = {http://en.wikipedia.org/wiki/Microsoft_Tablet_PC},
	Urldate = {February 2012}}

@url{team2012,
	Author = {A.R. Team},
	Date-Added = {2012-04-11 08:58:59 +0000},
	Date-Modified = {2012-04-11 09:01:33 +0000},
	Lastchecked = {February},
	Title = {http://activitybasedcomputing.com},
	Urldate = {February 2012}}

@article{bardram2011,
	Author = {Jakob E. Bardram},
	Date-Added = {2012-04-11 08:55:29 +0000},
	Date-Modified = {2012-04-11 08:57:53 +0000},
	Journal = {AAAI Workshop (WS-11-04)},
	Title = {The Activity-Based Computing Project},
	Volume = {Techniques and Languages},
	Year = {2011}}
